@MISC{memory-proposal,
   author = {Di Bella, Christopher and Carter, Casey},
   title = "Should there be a range equivalent of std::uninitialized_X?",
   howpublished = {\url{https://github.com/ericniebler/stl2/issues/223}}
   note = {Accessed: 2016-10-15}
}
@MISC{cmcstl2,
  author = {Carter, Casey and Niebler, Eric},
  title = "{CMCSTL2}: An Implementation of {C}++ Extensions for Ranges",
  howpublished = {\url{https://github.com/caseycarter/cmcstl2/}},
  note = {Accessed: 2016-10-15}
}
@MICS{ts2-request,
   author = {Niebler, Eric. Carter, Casey. Di Bella, Christopher.},
   title = "",
   howpublished = {\url{https://github.com/ericniebler/stl2/pull/224}},
   note = {Accessed: 2016-10-18}
}