@MISC{range-v3,
  author = {Niebler, Eric},
  title = {Range-v3},
  howpublished = {\url{https://github.com/ericniebler/range-v3}},
  note = {Accessed: 2015-4-6}
}
@MISC{ranges-ts,
  author = {Niebler, Eric and Carter, Casey},
  title = "N4685: C++ Extensions for Ranges",
  year = {2017},
  month = {7},
  note = {\url{http://www.open-std.org/JTC1/SC22/WG21/docs/papers/2017/n4685.pdf}},
}
@BOOK{Stepanov:2009:EP:1614221,
  author = {Stepanov, Alexander and McJones, Paul},
  title = {Elements of Programming},
  year = {2009},
  isbn = {032163537X, 9780321635372},
  edition = {1st},
  publisher = {Addison-Wesley Professional},
}
