@MISC{range-v3,
  author = {Niebler, Eric},
  title = {Range-v3},
  howpublished = {\url{https://github.com/ericniebler/range-v3}},
  note = {Accessed: 2018-1-31}
}
@MISC{cmcstl2,
  author = {Carter, Casey},
  title = {CMCSTL2},
  howpublished = {\url{https://github.com/CaseyCarter/CMCSTL2}},
  note = {Accessed: 2018-1-31}
}
@MISC{N4128,
  author = {Niebler, Eric and Parent, Sean and Sutton, Andrew},
  title = "N4128: Ranges for the Standard Library, Revision 1",
  year = {2014},
  month = {10},
  note = {\url{http://www.open-std.org/jtc1/sc22/wg21/docs/papers/2014/n4128.html}},
}
@MISC{P0789,
  author = {Niebler, Eric},
  title = "P0789R1: Range Adaptors and Utilities",
  year = {2017},
  month = {11},
  note = {\url{http://www.open-std.org/jtc1/sc22/wg21/docs/papers/2017/p0789r1.pdf}},
}
@MISC{P0898,
  author = {Carter, Casey},
  title = "P0898: Standard Library Concepts",
  year = {2018},
  month = {2},
  note = {\url{http://wg21.link/P0898}},
}
@MISC{ranges-ts,
  author = {Niebler, Eric and Carter, Casey},
  title = "N4685: C++ Extensions for Ranges",
  year = {2017},
  month = {7},
  note = {\url{http://www.open-std.org/JTC1/SC22/WG21/docs/papers/2017/n4685.pdf}},
}
@BOOK{Stepanov:2009:EP:1614221,
  author = {Stepanov, Alexander and McJones, Paul},
  title = {Elements of Programming},
  year = {2009},
  isbn = {032163537X, 9780321635372},
  edition = {1st},
  publisher = {Addison-Wesley Professional},
}
