@MISC{ASL,
  title = {Adobe Source Libraries},
  howpublished = {\url{http://stlab.adobe.com}},
  note = {Accessed: 2014-10-8}
}
@MISC{range-v3,
  author = {Niebler, Eric},
  title = {Range-v3},
  howpublished = {\url{https://github.com/ericniebler/range-v3}},
  note = {Accessed: 2018-1-31}
}
@MISC{palo-alto,
  author = {Stroustrup, Bjarne and Sutton, Andrew},
  title = "N3351: A Concept Design for the STL",
  year = {2012},
  month = {1},
  note = {\url{http://www.open-std.org/jtc1/sc22/wg21/docs/papers/2012/n3351.pdf}},
}
@MISC{cmcstl2,
  author = {Carter, Casey},
  title = {CMCSTL2},
  howpublished = {\url{https://github.com/CaseyCarter/CMCSTL2}},
  note = {Accessed: 2018-1-31}
}
@MISC{N4128,
  author = {Niebler, Eric and Parent, Sean and Sutton, Andrew},
  title = "N4128: Ranges for the Standard Library, Revision 1",
  year = {2014},
  month = {10},
  note = {\url{http://www.open-std.org/jtc1/sc22/wg21/docs/papers/2014/n4128.html}},
}
@MISC{P0789,
  author = {Niebler, Eric},
  title = "P0789R3: Range Adaptors and Utilities",
  year = {2018},
  month = {05},
  note = {\url{http://www.open-std.org/jtc1/sc22/wg21/docs/papers/2018/p0789r3.pdf}},
}
@MISC{P0898,
  author = {Carter, Casey and Niebler, Eric},
  title = "P0898: Standard Library Concepts",
  year = {2018},
  month = {05},
  note = {\url{http://wg21.link/P0898}},
}
@MISC{P0944,
  author = {Carter, Casey},
  title = "P0944: Contiguous Ranges",
  year = {2018},
  month = {02},
  note = {\url{http://www.open-std.org/jtc1/sc22/wg21/docs/papers/2018/p0944r0.html}},
}
@MISC{P0896,
  author = {Niebler, Eric and Carter, Casey},
  title = "P0896: Merging the Ranges TS",
  year = {2018},
  month = {05},
  note = {\url{http://www.open-std.org/jtc1/sc22/wg21/docs/papers/2018/p0896r1.pdf}},
}
@MISC{ranges-ts,
  author = {Niebler, Eric and Carter, Casey},
  title = "N4685: C++ Extensions for Ranges",
  year = {2017},
  month = {7},
  note = {\url{http://www.open-std.org/JTC1/SC22/WG21/docs/papers/2017/n4685.pdf}},
}
@BOOK{Stepanov:2009:EP:1614221,
  author = {Stepanov, Alexander and McJones, Paul},
  title = {Elements of Programming},
  year = {2009},
  isbn = {032163537X, 9780321635372},
  edition = {1st},
  publisher = {Addison-Wesley Professional},
}
@MISC{expr-sfinae,
  author = {Spicer, John and Adamczyk, J. Stephen},
  title = "Solving the SFINAE problem for expressions",
  year = {2008},
  month = {5},
  note = {\url{http://www.open-std.org/jtc1/sc22/wg21/docs/papers/2008/n2634.html}},
}
