@MISC{ASL,
  title = {Adobe Source Libraries},
  howpublished = {\url{http://stlab.adobe.com}},
  note = {Accessed: 2014-10-8}
}
@MISC{range-v3,
  author = {Niebler, Eric},
  title = {Range-v3},
  howpublished = {\url{https://github.com/ericniebler/range-v3}},
  note = {Accessed: 2015-4-6}
}
@MISC{palo-alto,
  author = {Stroustrup, Bjarne and Sutton, Andrew},
  title = "N3351: A Concept Design for the STL",
  year = {2012},
  month = {1},
  note = {\url{http://www.open-std.org/jtc1/sc22/wg21/docs/papers/2012/n3351.pdf}},
}
@MISC{niebler2014,
  author = {Niebler, Eric and Parent, Sean and Sutton, Andrew},
  title = "N4128: Ranges for the Standard Library, Revision 1",
  year = {2014},
  month = {10},
  note = {\url{http://www.open-std.org/jtc1/sc22/wg21/docs/papers/2014/n4128.html}},
}
@BOOK{Stepanov:2009:EP:1614221,
  author = {Stepanov, Alexander and McJones, Paul},
  title = {Elements of Programming},
  year = {2009},
  isbn = {032163537X, 9780321635372},
  edition = {1st},
  publisher = {Addison-Wesley Professional},
}
