@MISC{niebler16,
   author = {Niebler, Eric and Carter, Casey and Atrops, Sascha and Di Bella, Christopher and dhaumann and poelmanc},
   title = "Kill unsigned integers throughout STL2",
   howpublished = {\url{https://github.com/ericniebler/stl2/issues/182}},
   note = {Accessed: 2017-03-23}
}
@MISC{stroustrup15,
  author = {Stroustrup, Bjarne and Sutter, Herb},
  title = "CppCoreGuidelines",
  howpublished = {\url{http://isocpp.github.io/CppCoreGuidelines/CppCoreGuidelines}},
  note = {Accessed: 2017-03-23}
}
@MISC{panel,
   author = {Stroustrup, Bjarne and Alexandrescu, Andrei and Sutter, Herb and Meyers, Scott and Carruth, Chandler and Parent, Sean and Wong, Michael and Lavavej, Stephan T},
   title = "Interactive Panel: Ask Us Anything",
   howpublished = {\url{https://www.youtube.com/watch?v=Puio5dly9N8#t=42m40s}},
   note = {Accessed: 2017-03-23. Hosted by: Paulo Portela}
}
@BOOK{stroustrup94,
   author = "Stroustrup, Bjarne",
   title = "The Design and Evolution of \Cpp",
   publisher = "Pearson Education",
   year = "1994",
   printing = "Twentieth",
   address = "Indianapolis"
}